<?xml version="1.0" encoding="UTF-8"?><record xmlns="http://www.loc.gov/MARC21/slim" xmlns:cinclude="http://apache.org/cocoon/include/1.0" xmlns:zs="http://www.loc.gov/zing/srw/">
  <leader>00383nz  a2200133n  4500</leader>
  <controlfield tag="001">n 2005048285</controlfield>
  <controlfield tag="003">DLC</controlfield>
  <controlfield tag="005">20050630140003.0</controlfield>
  <controlfield tag="008">050630n| acannaabn          |a aaa      </controlfield>
  <datafield tag="010" ind1=" " ind2=" ">
    <subfield code="a">n 2005048285</subfield>
  </datafield>
  <datafield tag="040" ind1=" " ind2=" ">
    <subfield code="a">DLC</subfield>
    <subfield code="b">eng</subfield>
    <subfield code="c">DLC</subfield>
  </datafield>
  <datafield tag="100" ind1="1" ind2=" ">
    <subfield code="a">Hallinan, P. K.</subfield>
    <subfield code="t">We're very good friends, my mother and I</subfield>
  </datafield>
  <datafield tag="400" ind1="1" ind2=" ">
    <subfield code="a">Hallinan, P. K.</subfield>
    <subfield code="t">My mommy and I</subfield>
  </datafield>
  <datafield tag="670" ind1=" " ind2=" ">
    <subfield code="a">Hallinan, P. K. My mommy and I, 2002</subfield>
  </datafield>
</record>